<record><leader>00000cas a22000007a 4500</leader><controlfield tag="001">9897890</controlfield><controlfield tag="008">830912d19051907txuwr ne      0   a0eng d</controlfield><datafield ind1=" " ind2=" " tag="010"><subfield code="a">sn 83026370 </subfield></datafield><datafield ind1=" " ind2=" " tag="040"><subfield code="a">NPV</subfield><subfield code="b">eng</subfield><subfield code="c">NPV</subfield><subfield code="d">PPM</subfield><subfield code="d">OCLCQ</subfield></datafield><datafield ind1=" " ind2=" " tag="042"><subfield code="a">msc</subfield></datafield><datafield ind1=" " ind2=" " tag="043"><subfield code="a">n-us-tx</subfield></datafield><datafield ind1=" " ind2=" " tag="045"><subfield code="a">x0x0</subfield></datafield><datafield ind1=" " ind2=" " tag="052"><subfield code="a">4033</subfield><subfield code="b">D22</subfield></datafield><datafield ind1="0" ind2="0" tag="245"><subfield code="a">Southern mercury united with farmers' union password.</subfield></datafield><datafield ind1="3" ind2="0" tag="246"><subfield code="a">Southern mercury and farmers' union password</subfield></datafield><datafield ind1=" " ind2=" " tag="260"><subfield code="a">Dallas, Tex. :</subfield><subfield code="b">Farmers' Union Pub. Co.</subfield></datafield><datafield ind1=" " ind2=" " tag="300"><subfield code="a">v. :</subfield><subfield code="b">ill. (chiefly advertisements)</subfield></datafield><datafield ind1=" " ind2=" " tag="310"><subfield code="a">Weekly</subfield></datafield><datafield ind1="0" ind2=" " tag="362"><subfield code="a">Vol. 25, no. 18-v. 28, no. 24.</subfield></datafield><datafield ind1=" " ind2=" " tag="500"><subfield code="a">First issue is May 1, 1905.</subfield></datafield><datafield ind1=" " ind2=" " tag="580"><subfield code="a">Formed by the union of: Southern mercury (Dallas, Tex.: 1895), and: Farmer's union password.</subfield></datafield><datafield ind1=" " ind2=" " tag="752"><subfield code="a">United States</subfield><subfield code="b">Texas</subfield><subfield code="c">Dallas</subfield><subfield code="d">Dallas.</subfield></datafield><datafield ind1="1" ind2="4" tag="780"><subfield code="t">Southern mercury (Dallas, Tex.: 1895)</subfield></datafield><datafield ind1="1" ind2="4" tag="780"><subfield code="t">Farmer's union password</subfield></datafield><datafield ind1="0" ind2="0" tag="785"><subfield code="t">National cooperator and farm journal</subfield></datafield></record>